@article{CSG+22,
    title = {Biology and medicine in the landscape of quantum advantages},
    author = {Cordier, B. A. and Sawaya, N. P. D. and Guerreschi, G. G. and {McWeeney}, S. K.},
    year = {2022},
    journal = {Royal Society Interface},
    volume = {19},
    issue = {196},
    number = {20220541},
    pages = {143--252},
    doi = {https://doi.org/10.1098/rsif.2022.0541},
    annote = {Your personal annotation (not rendered in bibliography)}
}